%% This BibTeX bibliography file was created using BibDesk.
%% https://bibdesk.sourceforge.io/

%% Created for Ivan ƒêerek at 2018-09-18 03:43:41 +0200 


%% Saved with string encoding Unicode (UTF-8) 



@article{socket2,
	Author = {Bradley Mitchell},
	Date-Added = {2018-09-18 01:42:23 +0000},
	Date-Modified = {2018-09-18 01:43:34 +0000},
	Title = {An Overview of Socket Programming for Computer Networking},
	Url = {https://www.lifewire.com/socket-programming-for-computer-networking-4056385},
	Year = {2017}}

@webpage{hdd2,
	Date-Added = {2018-09-18 01:37:44 +0000},
	Date-Modified = {2018-09-18 01:39:39 +0000},
	Title = {Tvrdi disk},
	Url = {https://hr.wikipedia.org/wiki/Tvrdi_disk}}

@webpage{ram2,
	Date-Added = {2018-09-18 01:22:15 +0000},
	Date-Modified = {2018-09-18 01:23:46 +0000},
	Title = {The Random Access Memory Computer Science Essay},
	Url = {https://www.ukessays.com/essays/computer-science/the-random-access-memory-computer-science-essay.php}}

@webpage{oracle,
	Date-Added = {2018-09-17 20:14:21 +0000},
	Date-Modified = {2018-09-17 20:21:06 +0000},
	Lastchecked = {17.9.2018.},
	Title = {Java Platform, API Specification},
	Url = {https://docs.oracle.com/javase/7/docs/api/index.html}}

@webpage{prices,
	Author = {Jamie McKane},
	Date-Added = {2018-09-09 10:23:27 +0000},
	Date-Modified = {2018-09-09 10:25:58 +0000},
	Lastchecked = {9.9.2018.},
	Month = {March},
	Title = {SSD vs HDD -- Rand per GB price comparison},
	Url = {https://mybroadband.co.za/news/hardware/253373-ssd-vs-hdd-rand-per-gb-price-comparison.html},
	Year = {2018},
	Bdsk-Url-1 = {https://mybroadband.co.za/news/hardware/253373-ssd-vs-hdd-rand-per-gb-price-comparison.html}}

@article{socket,
	Author = {Limi Kalita},
	Date-Added = {2018-06-14 23:36:28 +0000},
	Date-Modified = {2018-06-14 23:37:32 +0000},
	Journal = {International Journal of Computer Science and Information Technologies},
	Number = {3},
	Title = {Socket Programming},
	Url = {http://ijcsit.com/docs/Volume%205/vol5issue03/ijcsit20140503462.pdf},
	Volume = {5},
	Year = {2014},
	Bdsk-Url-1 = {http://ijcsit.com/docs/Volume%205/vol5issue03/ijcsit20140503462.pdf}}

@webpage{ssd,
	Author = {Joel Hruska},
	Date-Added = {2018-06-14 23:28:50 +0000},
	Date-Modified = {2018-06-14 23:29:40 +0000},
	Title = {How Do SSDs Work?},
	Url = {https://www.extremetech.com/extreme/210492-extremetech-explains-how-do-ssds-work},
	Bdsk-Url-1 = {https://www.extremetech.com/extreme/210492-extremetech-explains-how-do-ssds-work}}

@webpage{hdd,
	Author = {Chris Woodford},
	Date-Added = {2018-06-14 23:24:06 +0000},
	Date-Modified = {2018-06-14 23:26:08 +0000},
	Title = {Hard drives},
	Url = {https://www.explainthatstuff.com/harddrive.html},
	Bdsk-Url-1 = {https://www.explainthatstuff.com/harddrive.html}}

@webpage{ramO,
	Author = {Peter Haugen and Ian Myers and Bret Sadler and John Whidden},
	Date-Added = {2018-06-14 23:19:34 +0000},
	Date-Modified = {2018-06-14 23:27:11 +0000},
	Read = {0},
	Title = {A Basic Overview of Commonly Encountered types of Random Access Memory (RAM)},
	Url = {https://www.rose-hulman.edu/Class/ee/yoder/ece332/Papers/RAM%20Technologies.pdf},
	Urldate = {2001.},
	Bdsk-Url-1 = {https://www.rose-hulman.edu/Class/ee/yoder/ece332/Papers/RAM%20Technologies.pdf}}

@manual{oetiket2007lshort,
	Author = {Oetiket, T. and Partl, H. and Hyna and Schlegl, E.},
	Title = {The not-so-short introduction to Latex},
	Url = {http://www.ctan.org/tex-archive/info/lshort/english/lshort.pdf},
	Bdsk-Url-1 = {http://www.ctan.org/tex-archive/info/lshort/english/lshort.pdf}}

@manual{downes2002shortams,
	Author = {Downes,, Michael},
	Organization = {American Mathematical Society},
	Title = {{Short Math Guide for \LaTeX{}}},
	Url = {ftp://ftp.ams.org/pub/tex/doc/amsmath/short-math-guide.pdf},
	Year = {2002},
	Bdsk-Url-1 = {ftp://ftp.ams.org/pub/tex/doc/amsmath/short-math-guide.pdf}}

@book{ungar2002uvod,
	Author = {{\v S}ime Ungar},
	Publisher = {Odjel za matematiku, Sveu{\v c}ili{\v s}te J.J.\ Strossmayera u Osijeku},
	Title = {{Uvod u \TeX{} s naglaskom na \LaTeX 2$\epsilon$}},
	Year = {2002}}
